@article{Astigpap,
TITLE = "Using Astigmatism in Wide Angle HMDs to Improve Rendering",
AUTHOR = "Daniel Pohl and Timo Bolkart and Stefan Nickels and Oliver Grau",
PUBLISHER = "Intel Research",
YEAR = "2015"}
